<record><leader>00000cas a22000007a 4500</leader><controlfield tag="001">1553612</controlfield><controlfield tag="008">750817c18899999nduwr ne      0    0eng d</controlfield><datafield ind1=" " ind2=" " tag="010"><subfield code="a">sn 88076435 </subfield></datafield><datafield ind1=" " ind2=" " tag="040"><subfield code="a">MUL</subfield><subfield code="b">eng</subfield><subfield code="c">MUL</subfield><subfield code="d">OCL</subfield><subfield code="d">NOP</subfield><subfield code="d">OCLCQ</subfield></datafield><datafield ind1=" " ind2=" " tag="042"><subfield code="a">msc</subfield></datafield><datafield ind1="0" ind2="0" tag="245"><subfield code="a">Cavalier County Republican.</subfield></datafield><datafield ind1=" " ind2=" " tag="260"><subfield code="a">Langdon, N.D. :</subfield><subfield code="b">F.B. Tracy</subfield></datafield><datafield ind1=" " ind2=" " tag="300"><subfield code="a">v. :</subfield><subfield code="b">ill. ;</subfield><subfield code="c">62 cm.</subfield></datafield><datafield ind1=" " ind2=" " tag="310"><subfield code="a">Weekly</subfield></datafield><datafield ind1="1" ind2=" " tag="362"><subfield code="a">Began in Aug. 1889.</subfield></datafield><datafield ind1=" " ind2=" " tag="500"><subfield code="a">"Official paper of Cavalier County, City of Langdon" &lt;1896- ).</subfield></datafield><datafield ind1=" " ind2=" " tag="500"><subfield code="a">Special editions: Silver Jubilee edition (ND, Cavalier Co., Cavalier County Republican), Sept. 28, 1939; Diamond Jubilee edition, June 13, 1963.</subfield></datafield><datafield ind1=" " ind2=" " tag="530"><subfield code="a">Available on microfilm from the State Historical Society of North Dakota.</subfield></datafield><datafield ind1=" " ind2=" " tag="588"><subfield code="a">Description based on: Vol. 8, no. 2 (Sept. 25, 1896).</subfield></datafield><datafield ind1=" " ind2=" " tag="752"><subfield code="a">United States</subfield><subfield code="b">North Dakota</subfield><subfield code="c">Cavalier</subfield><subfield code="d">Langdon.</subfield></datafield><datafield ind1="0" ind2=" " tag="770"><subfield code="t">Nor'wester</subfield><subfield code="w">(DLC)sn 88076766</subfield></datafield><datafield ind1="0" ind2="5" tag="780"><subfield code="t">Cavalier County farmers press</subfield><subfield code="w">(DLC)sn 88076433</subfield></datafield><datafield ind1="0" ind2="5" tag="780"><subfield code="t">Milton globe</subfield><subfield code="w">(DLC)sn 88076436</subfield></datafield><datafield ind1="1" ind2=" " tag="029"><subfield code="a">AU@</subfield><subfield code="b">000025838398</subfield></datafield></record>